@article{chow,
  title={Technological Change and the Demand for Computers},
  author={Gregory C. Chow},
  journal={The American Economic Review},
  pages={1117--1130},
  year={1967},
}

@inbook{marshall,
  title={Principles of Economics},
  author={Alfred Marshall},
  publisher={Digireads. com Publishing},
  volume={III},
  chapter={IV},
  page={69--78},
  year={2004},
}

@misc{nist,
  title={The {NIST} Definition of Cloud computing},
  author={Peter Mell and Timothy Grance},
  howpublished={{NIST} Special Publication 800-145, National Institute of Standards and Technology},
  year={2011},
}

@misc{qyjohn,
  author={Qingye Jiang},
  title={Consolidated Data Source},
  howpublished = {\url{http://www.qyjohn.net/?p=3507}},
  year={2014}
}

@misc{top500,
  author={Top 500 Supercomputer Sites},
  title={Amazon Web Services},
  howpublished = {\url{http://www.top500.org/site/50321}},
  year={2013}
}

@misc{netcraft,
  author={Netcraft},
  title={Hosting Provider Server Count},
  howpublished = {\url{http://tinyurl.com/pt5g7pv}},
  year={2012}
}

@misc{ibm,
  author={{IBM}},
  title={Lenovo Plans to Acquire {IBM}’s x86 Server Business},
  howpublished = {\url{http://tinyurl.com/qboslyr}},
  year={2012}
}

@misc{randy,
  author={Randy Bias},
  title={Amazon’s {EC2} Generating 220M+ Annually},
  howpublished = {\url{http://tinyurl.com/qxq7p8e}},
  year={2009}
}

@misc{liu,
  author={Huan Liu},
  title={Amazon Data Center Size},
  howpublished = {\url{http://tinyurl.com/7ofrnoq}},
  year={2012}
}

@misc{web:aws42pricereduction,
title={{AWS} Price Reduction \#42 - EC2, S3, RDS, ElastiCache, and Elastic MapReduce},
howpublished={\url{http://tinyurl.com/l39xgud}},
year=2014
}

@inproceedings{jpl,
  title={Mission Critical Cloud Computing in A Week},
  author={Brett George and Khawaja Shams and David Knight and Jamie Kinney},
  booktitle={Proceedings of the IEEE Aerospace Conference},
  year={2013}
}

@article{tam,
  title={Price Elasticity and the Growth of Computer Spending},
  author={Kar Yan Tam and Kai Lung Hui},
  journal={IEEE Transactions on Engineering Management},
  volume={46},
  number={2},
  pages={190--200},
  year={1999},
}

@article{stavins,
  title={Estimating Demand Elasticities in A Differentiated Product Industry: the Personal Computer Market},
  author={Joanna Stavins},
  journal={Journal of Economics and Business},
  volume={49},
  number={4},
  pages={347--367},
  year={1997},
}

@article{goolsbee,
  title={Competition in the Computer Industry: Online versus Retail},
  author={Austan Goolsbee},
  journal={The Journal of Industrial Economics},
  volume={49},
  number={4},
  pages={487--499},
  year={2001},
}

@article{yeo,
  title={Autonomic Metered Pricing for a Utility Computing Service},
  author={Chee Shin Yeo and Srikumar Venugopal and Xingchen Chu and Rajkumar Buyya},
  journal={Future Generation Computer Systems},
  volume={26},
  number={8},
  pages={1368--1380},
  year={2010},
}

@article{paleologo,
  title={Price-at-Risk: A Methodology for Pricing Utility Computing Services},
  author={G. A. Paleologo},
  journal={IBM Systems Journal},
  volume={43},
  number={1},
  pages={20--31},
  year={2004},
}

@article{durkee,
  title={Why Cloud Computing Will Never Be Free},
  author={Dave Durkee},
  journal={ACM Queue},
  volume={83},
  number={4},
  year={2010},
}


@article{erik,
  title={Cloud Computing and Electricity: Beyond the Utility Model},
  author={Erik Brynjolfsson and Paul Hofmann and John Jordan},
  journal={Communications of the ACM},
  volume={53},
  number={5},
  pages={32--34},
  year={2010},
}

@article{Greenberg2008,
 author = {Greenberg, Albert and Hamilton, James and Maltz, David A. and Patel, Parveen},
 title = {The Cost of a Cloud: Research Problems in Data Center Networks},
 journal = {ACM SIGCOMM Computer Communication Review},
 volume = {39},
 number = {1},
 year = {2009},
 pages = {68--73},
} 
